<?xml version="1.0" encoding="UTF-8"?><collection xmlns="http://www.loc.gov/MARC21/slim"><record><leader>00458nam--2200157-i-4500</leader><controlfield tag="001">000038078</controlfield><controlfield tag="002">20161230</controlfield><controlfield tag="005">20170123234015</controlfield><controlfield tag="008">060222s1000------------r-----000-0-eng-d</controlfield><datafield ind1=" " ind2=" " tag="080"><subfield code="a">621.039.8(035)</subfield></datafield><datafield ind1=" " ind2=" " tag="245"><subfield code="a">Reactor handbook: Engineering. Vol. 2:Engineering</subfield></datafield><datafield ind1=" " ind2=" " tag="260"><subfield code="a">Geneva</subfield><subfield code="b">United States Atomic Energy Program</subfield><subfield code="c">1955</subfield></datafield><datafield ind1=" " ind2=" " tag="300"><subfield code="a">X+1075 p</subfield></datafield><datafield ind1=" " ind2=" " tag="490"><subfield code="a">Selected Referance Material On Atomic Energy</subfield></datafield><datafield ind1=" " ind2=" " tag="852"><subfield code="a">38352</subfield></datafield><datafield ind1=" " ind2=" " tag="CAT"><subfield code="a">SYS</subfield><subfield code="c">20170123</subfield><subfield code="h">234015</subfield></datafield></record></collection>